<record><leader>00000cas a22000007a 4500</leader><controlfield tag="001">15216339</controlfield><controlfield tag="008">870219d18721872iauwr ne      0    0eng d</controlfield><datafield ind1=" " ind2=" " tag="010"><subfield code="a">sn 87057377 </subfield></datafield><datafield ind1=" " ind2=" " tag="040"><subfield code="a">INP</subfield><subfield code="b">eng</subfield><subfield code="c">INP</subfield><subfield code="d">OCLCQ</subfield></datafield><datafield ind1=" " ind2=" " tag="042"><subfield code="a">msc</subfield></datafield><datafield ind1="0" ind2="4" tag="245"><subfield code="a">The Iowa north-east.</subfield></datafield><datafield ind1="1" ind2="3" tag="246"><subfield code="a">North-east</subfield><subfield code="f">&lt;Feb. 7-Mar. 2, 1872&gt;</subfield></datafield><datafield ind1=" " ind2=" " tag="260"><subfield code="a">Lansing, Allamakee County, Iowa :</subfield><subfield code="b">T.C. Medary,</subfield><subfield code="c">1872-</subfield></datafield><datafield ind1=" " ind2=" " tag="300"><subfield code="a">v. :</subfield><subfield code="b">ill. ;</subfield><subfield code="c">66 cm.</subfield></datafield><datafield ind1=" " ind2=" " tag="310"><subfield code="a">Weekly</subfield></datafield><datafield ind1="0" ind2=" " tag="362"><subfield code="a">Vol. 1, no. 1 (Feb. 7, 1872)-</subfield></datafield><datafield ind1="1" ind2=" " tag="362"><subfield code="a">Ceased in Mar. 1872.</subfield></datafield><datafield ind1=" " ind2=" " tag="752"><subfield code="a">United States</subfield><subfield code="b">Iowa</subfield><subfield code="c">Allamakee</subfield><subfield code="d">Lansing.</subfield></datafield><datafield ind1="0" ind2="7" tag="785"><subfield code="t">Lansing patriot</subfield><subfield code="w">(DLC)sn 86061219</subfield></datafield><datafield ind1="0" ind2="7" tag="785"><subfield code="t">North Iowa journal (Lansing, Iowa : 1872)</subfield><subfield code="w">(DLC)sn 84027187</subfield></datafield></record>